@misc{DOMStand78,
    author = {{Web Hypertext Application Technologies Working Group}},
    title = {Document Object Model Standard},
    howpublished = {\url{https://dom.spec.whatwg.org/}},
    month = {June},
    year = {2017},
    note = {(Accessed on 07/04/2017)}
}

@misc{HTMLStan99,
author = {{Web Hypertext Application Technologies Working Group}},
title = {HTML Standard},
howpublished = {\url{https://html.spec.whatwg.org/}},
month = {September},
year = {2017},
note = {(Accessed on 09/14/2017)}
}

@misc{Selector54,
author = {{World Wide Web Consortium CSS Working Group}},
title = {Selectors Level 4},
howpublished = {\url{https://drafts.csswg.org/selectors/}},
month = {August},
year = {2017},
note = {(Accessed on 09/14/2017)}
}
@misc{GitHubma29,
    author = "Sandstr{\"o}m, Martin",
    title = {marteinn/Selenium-Python-Boilerplate: A boilerplate for running selenium tests with python},
    howpublished = {\url{https://github.com/marteinn/Selenium-Python-Boilerplate}},
    month = {September},
    year = {2015},
    note = {(Accessed on 07/05/2017)}
}

@inproceedings{liu2000object,
  title={Object-based data flow testing of web applications},
  author={Liu, Chien-Hung and Kung, David Chenho and Hsia, Pei},
  booktitle={Quality Software, 2000. Proceedings. First Asia-Pacific Conference on},
  pages={7--16},
  year={2000},
  organization={IEEE}
}

@inproceedings{gupta2003dom,
  title={DOM-based content extraction of HTML documents},
  author={Gupta, Suhit and Kaiser, Gail and Neistadt, David and Grimm, Peter},
  booktitle={Proceedings of the 12th international conference on World Wide Web},
  pages={207--214},
  year={2003},
  organization={ACM}
}

@incollection{nicholus2016understanding,
  title={Understanding the Web API and “Vanilla” JavaScript},
  author={Nicholus, Ray},
  booktitle={Beyond jQuery},
  pages={19--29},
  year={2016},
  publisher={Springer}
}

@inproceedings{leotta2013capture,
  title={Capture-replay vs. programmable web testing: An empirical assessment during test case evolution},
  author={Leotta, Maurizio and Clerissi, Diego and Ricca, Filippo and Tonella, Paolo},
  booktitle={Reverse Engineering (WCRE), 2013 20th Working Conference on},
  pages={272--281},
  year={2013},
  organization={IEEE}
}

@inproceedings{marchetto2008state,
  title={State-based testing of Ajax web applications},
  author={Marchetto, Alessandro and Tonella, Paolo and Ricca, Filippo},
  booktitle={Software Testing, Verification, and Validation, 2008 1st International Conference on},
  pages={121--130},
  year={2008},
  organization={IEEE}
}

@article{kaur2013comparative,
  title={Comparative study of automated testing tools: Selenium, quick test professional and testcomplete},
  author={Kaur, Harpreet and Gupta, Gagan},
  journal={International Journal of Engineering Research and Applications},
  volume={3},
  number={5},
  pages={1739--43},
  year={2013}
}

@inproceedings{kongsli2007security,
  title={Security testing with Selenium},
  author={Kongsli, Vidar},
  booktitle={Companion to the 22nd ACM SIGPLAN conference on Object-oriented programming systems and applications companion},
  pages={862--863},
  year={2007},
  organization={ACM}
}

@inproceedings{artzi2011framework,
  title={A framework for automated testing of javascript web applications},
  author={Artzi, Shay and Dolby, Julian and Jensen, Simon Holm and Moller, Anders and Tip, Frank},
  booktitle={Software Engineering (ICSE), 2011 33rd International Conference on},
  pages={571--580},
  year={2011},
  organization={IEEE}
}

@article{mesbah2012invariant,
  title={Invariant-based automatic testing of modern web applications},
  author={Mesbah, Ali and Van Deursen, Arie and Roest, Danny},
  journal={IEEE Transactions on Software Engineering},
  volume={38},
  number={1},
  pages={35--53},
  year={2012},
  publisher={IEEE}
}

@book{nguyen2001testing,
  title={Testing applications on the Web: Test planning for Internet-based systems},
  author={Nguyen, Hung Q},
  year={2001},
  publisher={John Wiley \& Sons}
}

@inproceedings{holmes2006automating,
  title={Automating functional tests using selenium},
  author={Holmes, Antawan and Kellogg, Marc},
  booktitle={Agile Conference, 2006},
  pages={6--pp},
  year={2006},
  organization={IEEE}
}

@article{bruns2009web,
  title={Web application tests with selenium},
  author={Bruns, Andreas and Kornstadt, Andreas and Wichmann, Dennis},
  journal={IEEE software},
  volume={26},
  number={5},
  year={2009},
  publisher={IEEE}
}

@inproceedings{razak2011agile,
  title={Agile testing with Selenium},
  author={Razak, Rosnisa Abdull and Fahrurazi, Fairul Rizal},
  booktitle={Software Engineering (MySEC), 2011 5th Malaysian Conference in},
  pages={217--219},
  year={2011},
  organization={IEEE}
}

@inproceedings{wang2009build,
  title={Build an auto testing framework based on selenium and fitnesse},
  author={Wang, Xinchun and Xu, Peijie},
  booktitle={Information Technology and Computer Science, 2009. ITCS 2009. International Conference on},
  volume={2},
  pages={436--439},
  year={2009},
  organization={IEEE}
}

@article{nielsen2014python,
  title={Python programming—Testing},
  author={Nielsen, Finn {\AA}rup},
  year={2014}
}

@book{pajankar2017python,
  title={Python Unit Test Automation: Practical Techniques for Python Developers and Testers},
  author={Pajankar, Ashwin},
  year={2017},
  publisher={Apress}
}

@incollection{odell2014browser,
  title={Browser Developer Tools},
  author={Odell, Den},
  booktitle={Pro JavaScript Development},
  pages={423--437},
  year={2014},
  publisher={Springer}
}

@inproceedings{leotta2013improving,
  title={Improving test suites maintainability with the page object pattern: An industrial case study},
  author={Leotta, Maurizio and Clerissi, Diego and Ricca, Filippo and Spadaro, Cristiano},
  booktitle={Software Testing, Verification and Validation Workshops (ICSTW), 2013 IEEE Sixth International Conference on},
  pages={108--113},
  year={2013},
  organization={IEEE}
}

@inproceedings{kung2000object,
  title={An object-oriented web test model for testing web applications},
  author={Kung, David Chenho and Liu, Chien-Hung and Hsia, Pei},
  booktitle={Quality Software, 2000. Proceedings. First Asia-Pacific Conference on},
  pages={111--120},
  year={2000},
  organization={IEEE}
}

@article{lee1996principles,
  title={Principles and methods of testing finite state machines-a survey},
  author={Lee, David and Yannakakis, Mihalis},
  journal={Proceedings of the IEEE},
  volume={84},
  number={8},
  pages={1090--1123},
  year={1996},
  publisher={IEEE}
}

@article{miller1990empirical,
  title={An empirical study of the reliability of UNIX utilities},
  author={Miller, Barton P and Fredriksen, Louis and So, Bryan},
  journal={Communications of the ACM},
  volume={33},
  number={12},
  pages={32--44},
  year={1990},
  publisher={ACM}
}

@online{CircleCI,
    author = {{Atom Open Source Project}},
    title = {CircleCI Atom Builds},
    year = {2017},
    url = {https://circleci.com/gh/atom/atom},
    urldate = {2017-10-19}
}

@online{KanerHivatOverview,
    author = {Kaner, Cem},
    title = {An Overview of High Volume Automated Testing},
    year = {2013},
    url = {http://kaner.com/?p=278},
    urldate = {2017-10-19}
}

@unpublished{HoffmanTradeoffs,
    author = {Hoffman, Dan},
    title = {Key Tradeoffs in High Volume Test Automation},
    year = {2013},
    url = {http://wtst.org/wp-content/uploads/2013/01/DanHoffmanwtst2013.pdf},
    note= {Talk presented at the 12th Annual Workshop on Teaching Software Testing, Melbourne, Florida},
    urldate = {2017-10-19}
}

@inproceedings{parveen2010migrate,
  title={When to migrate software testing to the cloud?},
  author={Parveen, Tauhida and Tilley, Scott},
  booktitle={Software Testing, Verification, and Validation Workshops (ICSTW), 2010 Third International Conference on},
  pages={424--427},
  year={2010},
  organization={IEEE}
}

@online{dawsonFourBillion,
    author = {Dawson, Bruce},
    title = {There are Only Four Billion Floats, So Test Them All!},
    year = {2014},
    url = {https://randomascii.wordpress.com/2014/01/27/theres-only-four-billion-floatsso-test-them-all/},
    urldate = {2017-10-19}
}

@article{hoffman2003Exhausting,
  author = {Hoffman, Douglas},
  title = {Exhausting Your Test Options},
  journal = {STQE Magazine},
  year = {2003},
  publisher = {American Society for Quality},
  month = {July/August},
  pages = {10--11}
  }
@techreport{miller1989TR830,
  author = {Miller, Barton P and Fredriksen, Lars and So, Bryan},
  title = {An Empirical Study of The Reliability of Operating System Utilities},
  institution = {University of Wisconsin--Madison},
  year = {1989},
  number = {830}
}

@book{glass2002Facts,
  author = {Glass, Robert L.},
  title = {Facts and Fallacies of Software Engineering},
  publisher = {Addison-Wesley Professional},
  year = {2002}
}

@book{pigoski1996practical,
  title={Practical software maintenance: best practices for managing your software investment},
  author={Pigoski, Thomas M},
  year={1996},
  publisher={Wiley Publishing}
}

@online{HBR2017ABTest,
    author = {Kohavi, Ron and Thomke, Stefan},
    title = {The Surprising Power of Online Experiments},
    year = {2017},
    url = {https://hbr.org/2017/09/the-surprising-power-of-online-experiments},
    urldate = {2017-10-19}
}

@misc{heymanlocust,
  title = {LOCUST: An open source load testing tool.},
  author = {Heyman, J and Hamr{\'e}n, J and Bystr{\"o}m, C and Heyman, H},
  year = {2011},
  url = {http://locust.io}
}

@article{gallagher1991using,
  title={Using program slicing in software maintenance},
  author={Gallagher, Keith Brian and Lyle, James R.},
  journal={IEEE transactions on software engineering},
  volume={17},
  number={8},
  pages={751--761},
  year={1991},
  publisher={IEEE}
}s
